<?xml version='1.0' encoding='utf-8'?>
<record xmlns="http://www.loc.gov/MARC21/slim" xmlns:xsi="http://www.w3.org/2001/XMLSchema-instance">
  <leader>00000nam^a22002531a^4500</leader>
  <controlfield tag="001">002746976</controlfield>
  <controlfield tag="005">20140709143405.0</controlfield>
  <controlfield tag="008">940131m19481979miu^^^^^^^^^^l000^0^eng^d</controlfield>
  <datafield tag="035" ind1=" " ind2=" ">
    <subfield code="a">(RLIN)MIUV91-B477</subfield>
  </datafield>
  <datafield tag="035" ind1=" " ind2=" ">
    <subfield code="a">(OCoLC)35066429</subfield>
  </datafield>
  <datafield tag="040" ind1=" " ind2=" ">
    <subfield code="a">MiU-H</subfield>
    <subfield code="c">MiU-H</subfield>
  </datafield>
  <datafield tag="110" ind1="2" ind2=" ">
    <subfield code="a">Washtenaw County Metropolitan Planning Commission.</subfield>
  </datafield>
  <datafield tag="245" ind1="1" ind2="0">
    <subfield code="a">[Washtenaw County Metropolitan Planning Commission publications].</subfield>
  </datafield>
  <datafield tag="260" ind1=" " ind2=" ">
    <subfield code="a">Ann Arbor, Mich. :</subfield>
    <subfield code="b">The Commission,</subfield>
    <subfield code="c">1948-1979.</subfield>
  </datafield>
  <datafield tag="300" ind1=" " ind2=" ">
    <subfield code="a">ca. 80 v.</subfield>
  </datafield>
  <datafield tag="500" ind1=" " ind2=" ">
    <subfield code="a">Also includes publications of the predecessor organization Washtenaw County Planning Commission.</subfield>
  </datafield>
  <datafield tag="555" ind1="0" ind2=" ">
    <subfield code="a">Finding aid in the library.</subfield>
  </datafield>
  <datafield tag="555" ind1="0" ind2=" ">
    <subfield code="a">Finding aid via World Wide Web at URL: http://quod.lib.umich.edu/cgi/f/findaid/findaid-idx?c=bhlead&amp;idno=umich-bhl-716</subfield>
  </datafield>
  <datafield tag="650" ind1=" " ind2="0">
    <subfield code="a">Regional planning</subfield>
    <subfield code="z">Michigan</subfield>
    <subfield code="z">Washtenaw County.</subfield>
  </datafield>
  <datafield tag="651" ind1=" " ind2="0">
    <subfield code="a">Washtenaw County (Mich.)</subfield>
    <subfield code="x">Politics and government.</subfield>
  </datafield>
  <datafield tag="651" ind1=" " ind2="0">
    <subfield code="a">Washtenaw County (Mich.)</subfield>
    <subfield code="x">Economic conditions.</subfield>
  </datafield>
  <datafield tag="651" ind1=" " ind2="0">
    <subfield code="a">Washtenaw County (Mich.)</subfield>
    <subfield code="x">Population.</subfield>
  </datafield>
  <datafield tag="710" ind1="2" ind2=" ">
    <subfield code="a">Washtenaw County Metropolitan Planning Commission.</subfield>
  </datafield>
  <datafield tag="856" ind1="4" ind2="2">
    <subfield code="3">Finding aid:</subfield>
    <subfield code="u">http://quod.lib.umich.edu/cgi/f/findaid/findaid-idx?c=bhlead&amp;idno=umich-bhl-716</subfield>
  </datafield>
  <datafield tag="852" ind1="8" ind2=" ">
    <subfield code="a">MiU-H</subfield>
    <subfield code="b">BENT</subfield>
    <subfield code="h">2009134 Aa 2</subfield>
  </datafield>
  <datafield tag="852" ind1="8" ind2=" ">
    <subfield code="a">MiU-H</subfield>
    <subfield code="b">BENT</subfield>
    <subfield code="h">2009134 Aa 2</subfield>
  </datafield>
  <datafield tag="852" ind1="8" ind2=" ">
    <subfield code="a">MiU-H</subfield>
    <subfield code="b">BENT</subfield>
    <subfield code="h">2009134 Aa 2</subfield>
  </datafield>
  <datafield tag="997" ind1=" " ind2=" ">
    <subfield code="a">MARS</subfield>
  </datafield>
  <datafield tag="998" ind1=" " ind2=" ">
    <subfield code="c">LAC</subfield>
    <subfield code="s">9114</subfield>
  </datafield>
  <datafield tag="955" ind1=" " ind2=" ">
    <subfield code="b">BENT</subfield>
    <subfield code="p">39015071658947</subfield>
    <subfield code="z">Annual report 1949</subfield>
  </datafield>
  <datafield tag="955" ind1=" " ind2=" ">
    <subfield code="b">BENT</subfield>
    <subfield code="p">39015071658954</subfield>
    <subfield code="z">Annual report 1959</subfield>
  </datafield>
  <datafield tag="955" ind1=" " ind2=" ">
    <subfield code="b">BENT</subfield>
    <subfield code="p">39015071658962</subfield>
    <subfield code="z">Annual report 1960</subfield>
  </datafield>
  <datafield tag="955" ind1=" " ind2=" ">
    <subfield code="b">BENT</subfield>
    <subfield code="p">39015071658970</subfield>
    <subfield code="z">Annual report 1972</subfield>
  </datafield>
  <datafield tag="955" ind1=" " ind2=" ">
    <subfield code="b">BENT</subfield>
    <subfield code="p">39015071658988</subfield>
    <subfield code="z">Annual report 1973</subfield>
  </datafield>
  <datafield tag="955" ind1=" " ind2=" ">
    <subfield code="b">BENT</subfield>
    <subfield code="p">39015071658996</subfield>
    <subfield code="z">Annual report 1979</subfield>
  </datafield>
  <datafield tag="955" ind1=" " ind2=" ">
    <subfield code="b">BENT</subfield>
    <subfield code="p">39015071659002</subfield>
    <subfield code="z">Planning Prospectus/Planning Update. WCMPC. 1972-1973.</subfield>
  </datafield>
  <datafield tag="955" ind1=" " ind2=" ">
    <subfield code="b">BENT</subfield>
    <subfield code="p">39015071659010</subfield>
    <subfield code="z">Washtenaw plans it's [sic] future, 1948.</subfield>
  </datafield>
  <datafield tag="955" ind1=" " ind2=" ">
    <subfield code="b">BENT</subfield>
    <subfield code="p">39015071659028</subfield>
    <subfield code="z">The industry of Washtenaw, 1949.</subfield>
  </datafield>
  <datafield tag="955" ind1=" " ind2=" ">
    <subfield code="b">BENT</subfield>
    <subfield code="p">39015071659036</subfield>
    <subfield code="z">A guide for subdivision of land,1951.</subfield>
  </datafield>
  <datafield tag="955" ind1=" " ind2=" ">
    <subfield code="b">BENT</subfield>
    <subfield code="p">39015071659044</subfield>
    <subfield code="z">A plan for the development of the Ann Arbor-Ypsilanti metropolitan area, 1951.</subfield>
  </datafield>
  <datafield tag="955" ind1=" " ind2=" ">
    <subfield code="b">BENT</subfield>
    <subfield code="p">39015071659051</subfield>
    <subfield code="z">Washtenaw resource inventory: part I, study of agriculture, 1952.</subfield>
  </datafield>
  <datafield tag="955" ind1=" " ind2=" ">
    <subfield code="b">BENT</subfield>
    <subfield code="p">39015071659069</subfield>
    <subfield code="z">A plan for the development of the Ann Arbor-Ypsilanti metropolitan area: recommended plan, part of Washtenaw County guide-plan, 1953.</subfield>
  </datafield>
  <datafield tag="955" ind1=" " ind2=" ">
    <subfield code="b">BENT</subfield>
    <subfield code="p">39015071659077</subfield>
    <subfield code="z">A guide for the subdivision of land in unincorporated areas of Washtenaw County, Mich., 1953.</subfield>
  </datafield>
  <datafield tag="955" ind1=" " ind2=" ">
    <subfield code="b">BENT</subfield>
    <subfield code="p">39015071659085</subfield>
    <subfield code="z">Ann Arbor Township capacities for development: preliminary report, 1959.</subfield>
  </datafield>
  <datafield tag="955" ind1=" " ind2=" ">
    <subfield code="b">BENT</subfield>
    <subfield code="p">39015071659093</subfield>
    <subfield code="z">Huron River watershed--water management needs &amp; problems, 1958.</subfield>
  </datafield>
  <datafield tag="955" ind1=" " ind2=" ">
    <subfield code="b">BENT</subfield>
    <subfield code="p">39015071659101</subfield>
    <subfield code="z">A directory of cities, villages, townships county planning &amp; zoning officials (Information bulletin, no. 2), 1960.</subfield>
  </datafield>
  <datafield tag="955" ind1=" " ind2=" ">
    <subfield code="b">BENT</subfield>
    <subfield code="p">39015071659119</subfield>
    <subfield code="z">Why reconsider location of northwest by-pass, by Robert D. Carpenter, 1960.</subfield>
  </datafield>
  <datafield tag="955" ind1=" " ind2=" ">
    <subfield code="b">BENT</subfield>
    <subfield code="p">39015071659127</subfield>
    <subfield code="z">Labor force and employment projections for Washtenaw County, 1970 &amp; 1980, 1961</subfield>
  </datafield>
  <datafield tag="955" ind1=" " ind2=" ">
    <subfield code="b">BENT</subfield>
    <subfield code="p">39015071659135</subfield>
    <subfield code="z">1960 housing and population characteristics of Washtenaw County, 1961.</subfield>
  </datafield>
  <datafield tag="955" ind1=" " ind2=" ">
    <subfield code="b">BENT</subfield>
    <subfield code="p">39015071659143</subfield>
    <subfield code="z">Official planning commissions and zoning boards of Washtenaw County, 1961.</subfield>
  </datafield>
  <datafield tag="955" ind1=" " ind2=" ">
    <subfield code="b">BENT</subfield>
    <subfield code="p">39015071659150</subfield>
    <subfield code="z">Population change and projections for Washtenaw County, 1950 to 1980, 1961.</subfield>
  </datafield>
  <datafield tag="955" ind1=" " ind2=" ">
    <subfield code="b">BENT</subfield>
    <subfield code="p">39015071659168</subfield>
    <subfield code="z">Population projections for civil divisions of Washtenaw County, 1970 &amp; 1980, 1961.</subfield>
  </datafield>
  <datafield tag="955" ind1=" " ind2=" ">
    <subfield code="b">BENT</subfield>
    <subfield code="p">39015071659176</subfield>
    <subfield code="z">Center of population, Washtenaw County and the Ann Arbor-Ypsilanti area, 1962.</subfield>
  </datafield>
  <datafield tag="955" ind1=" " ind2=" ">
    <subfield code="b">BENT</subfield>
    <subfield code="p">39015071659184</subfield>
    <subfield code="z">Directory, official planning commissions and zoning boards of Washtenaw County, 1962.</subfield>
  </datafield>
  <datafield tag="955" ind1=" " ind2=" ">
    <subfield code="b">BENT</subfield>
    <subfield code="p">39015071659192</subfield>
    <subfield code="z">A medical and health care facility study for Washtenaw County: preliminary report, 1962.</subfield>
  </datafield>
  <datafield tag="955" ind1=" " ind2=" ">
    <subfield code="b">BENT</subfield>
    <subfield code="p">39015071659200</subfield>
    <subfield code="z">Preliminary land use plan, Washtenaw County, 1980, 1962.</subfield>
  </datafield>
  <datafield tag="955" ind1=" " ind2=" ">
    <subfield code="b">BENT</subfield>
    <subfield code="p">39015071659218</subfield>
    <subfield code="z">Industrial land plan tor Washtenaw County: a study outline, 1963.</subfield>
  </datafield>
  <datafield tag="955" ind1=" " ind2=" ">
    <subfield code="b">BENT</subfield>
    <subfield code="p">39015071659226</subfield>
    <subfield code="z">Preliminary review of a proposed comprehensive report of water supply and sanitary sewerage facilities for the County Planning Commission of Washtenaw County, Michigan, by Ayres, Lewis, Norris &amp; May,</subfield>
  </datafield>
  <datafield tag="955" ind1=" " ind2=" ">
    <subfield code="b">BENT</subfield>
    <subfield code="p">39015071659234</subfield>
    <subfield code="z">A subdivision guide for preparing plats in township areas of Washtenaw County, 1963.</subfield>
  </datafield>
  <datafield tag="955" ind1=" " ind2=" ">
    <subfield code="b">BENT</subfield>
    <subfield code="p">39015071659242</subfield>
    <subfield code="z">Age and sex composition of population in Washtenaw County, 1950-1980, by T. Karl H. Wuersching, 1964.</subfield>
  </datafield>
  <datafield tag="955" ind1=" " ind2=" ">
    <subfield code="b">BENT</subfield>
    <subfield code="p">39015071659259</subfield>
    <subfield code="z">Mobile home park study, 1964.</subfield>
  </datafield>
  <datafield tag="955" ind1=" " ind2=" ">
    <subfield code="b">BENT</subfield>
    <subfield code="p">39015071659267</subfield>
    <subfield code="z">Suggested scenic routes for Washtenaw County, 1964.</subfield>
  </datafield>
  <datafield tag="955" ind1=" " ind2=" ">
    <subfield code="b">BENT</subfield>
    <subfield code="p">39015071659275</subfield>
    <subfield code="z">Washtenaw County, Michigan labor market--characteristics, forecast, and problems, by Gerard F. Carvalho, 1964.</subfield>
  </datafield>
  <datafield tag="955" ind1=" " ind2=" ">
    <subfield code="b">BENT</subfield>
    <subfield code="p">39015071659283</subfield>
    <subfield code="z">A capital improvement program for Washtenaw County, 1964. Part 1: Population, employment and income (preliminary draft)</subfield>
  </datafield>
  <datafield tag="955" ind1=" " ind2=" ">
    <subfield code="b">BENT</subfield>
    <subfield code="p">39015071659291</subfield>
    <subfield code="z">Directory, official planning commissions and zoning boards of Washtenaw County, 1964.</subfield>
  </datafield>
  <datafield tag="955" ind1=" " ind2=" ">
    <subfield code="b">BENT</subfield>
    <subfield code="p">39015071659309</subfield>
    <subfield code="z">Washtenaw development goals: cities, villages, townships and county: conference proceedings, 30 September 1964.</subfield>
  </datafield>
  <datafield tag="955" ind1=" " ind2=" ">
    <subfield code="b">BENT</subfield>
    <subfield code="p">39015071659317</subfield>
    <subfield code="z">A capital improvement program for Washtenaw County, by Harvey E. Brazer and others Part 1: Population, employment and income 1965</subfield>
  </datafield>
  <datafield tag="955" ind1=" " ind2=" ">
    <subfield code="b">BENT</subfield>
    <subfield code="p">39015071659325</subfield>
    <subfield code="z">A capital improvement program for Washtenaw County, by Harvey E. Brazer and others Part 2: Fiscal analysis of Washtenaw County government 1965</subfield>
  </datafield>
  <datafield tag="955" ind1=" " ind2=" ">
    <subfield code="b">BENT</subfield>
    <subfield code="p">39015071659333</subfield>
    <subfield code="z">A capital improvement program for Washtenaw County, by Harvey E. Brazer and others Part 3: Capital needs and their financing 1965</subfield>
  </datafield>
  <datafield tag="955" ind1=" " ind2=" ">
    <subfield code="b">BENT</subfield>
    <subfield code="p">39015071659341</subfield>
    <subfield code="z">A capital improvement program for Washtenaw County, by Harvey E. Brazer and others Part 3: Capital needs and their financing: preliminary draft 1965</subfield>
  </datafield>
  <datafield tag="955" ind1=" " ind2=" ">
    <subfield code="b">BENT</subfield>
    <subfield code="p">39015071659358</subfield>
    <subfield code="z">A capital improvement program for Washtenaw County, by Harvey E. Brazer and others Part 3: Technical appendix 1965</subfield>
  </datafield>
  <datafield tag="955" ind1=" " ind2=" ">
    <subfield code="b">BENT</subfield>
    <subfield code="p">39015071659366</subfield>
    <subfield code="z">Economic trends influencing the Ann Arbor Township planning area: preliminary, 1965.</subfield>
  </datafield>
  <datafield tag="955" ind1=" " ind2=" ">
    <subfield code="b">BENT</subfield>
    <subfield code="p">39015071659374</subfield>
    <subfield code="z">Expressway route development plan: U.S. 23--Milan region, Michigan, 1965.</subfield>
  </datafield>
  <datafield tag="955" ind1=" " ind2=" ">
    <subfield code="b">BENT</subfield>
    <subfield code="p">39015071659382</subfield>
    <subfield code="z">1990 land use space requirements within Ann Arbor Township planning area, 1965.</subfield>
  </datafield>
  <datafield tag="955" ind1=" " ind2=" ">
    <subfield code="b">BENT</subfield>
    <subfield code="p">39015071659390</subfield>
    <subfield code="z">Population analysis and projections, Ann Arbor Township: a preliminary report, 1965.</subfield>
  </datafield>
  <datafield tag="955" ind1=" " ind2=" ">
    <subfield code="b">BENT</subfield>
    <subfield code="p">39015071659408</subfield>
    <subfield code="z">Proposed official zoning ordinance for York Township, Washtenaw County, Michigan, 1965.</subfield>
  </datafield>
  <datafield tag="955" ind1=" " ind2=" ">
    <subfield code="b">BENT</subfield>
    <subfield code="p">39015071659416</subfield>
    <subfield code="z">Proposed zoning regulations for Augusta Township, washtenaw County, Michigan, 1965.</subfield>
  </datafield>
  <datafield tag="955" ind1=" " ind2=" ">
    <subfield code="b">BENT</subfield>
    <subfield code="p">39015071659424</subfield>
    <subfield code="z">Thoroughfare and sketch land use plans, Saline, Michigan: preliminary report, 1965.</subfield>
  </datafield>
  <datafield tag="955" ind1=" " ind2=" ">
    <subfield code="b">BENT</subfield>
    <subfield code="p">39015071659432</subfield>
    <subfield code="z">Washtenaw development goals: cities, villages, townships and county, 1964.</subfield>
  </datafield>
  <datafield tag="955" ind1=" " ind2=" ">
    <subfield code="b">BENT</subfield>
    <subfield code="p">39015071659440</subfield>
    <subfield code="z">A park system for Washtenaw County, 1960.</subfield>
  </datafield>
  <datafield tag="955" ind1=" " ind2=" ">
    <subfield code="b">BENT</subfield>
    <subfield code="p">39015071659457</subfield>
    <subfield code="z">Annotated bibliography of reports and studies, 1966.</subfield>
  </datafield>
  <datafield tag="955" ind1=" " ind2=" ">
    <subfield code="b">BENT</subfield>
    <subfield code="p">39015071659465</subfield>
    <subfield code="z">Income from employment in Washtenaw County, Michigan, by Gerard F. Carvalho and George S. Odiorne, 1966.</subfield>
  </datafield>
  <datafield tag="955" ind1=" " ind2=" ">
    <subfield code="b">BENT</subfield>
    <subfield code="p">39015071659473</subfield>
    <subfield code="z">Occupational guides for Washtenaw County, Michigan, 1966.</subfield>
  </datafield>
  <datafield tag="955" ind1=" " ind2=" ">
    <subfield code="b">BENT</subfield>
    <subfield code="p">39015071659481</subfield>
    <subfield code="z">Park report. [1966]</subfield>
  </datafield>
  <datafield tag="955" ind1=" " ind2=" ">
    <subfield code="b">BENT</subfield>
    <subfield code="p">39015071659499</subfield>
    <subfield code="z">Recent economic trends in Washtenaw County (Information bulletin, no. 1), 1966.</subfield>
  </datafield>
  <datafield tag="955" ind1=" " ind2=" ">
    <subfield code="b">BENT</subfield>
    <subfield code="p">39015071659507</subfield>
    <subfield code="z">Report on water supply and sanitary sewage needs for Washtenaw County, Michigan: preliminary, by Ayres, Lewis, Norris &amp; May--McNamee, Porter &amp; Seeley, 1966.</subfield>
  </datafield>
  <datafield tag="955" ind1=" " ind2=" ">
    <subfield code="b">BENT</subfield>
    <subfield code="p">39015071659515</subfield>
    <subfield code="z">Report on water supply and sanitary sewerage systems in Washtenaw County, Michigan, by Ayres, Lewis, Norris &amp; May--McNamee, Porter &amp; Seeley, 1966.</subfield>
  </datafield>
  <datafield tag="955" ind1=" " ind2=" ">
    <subfield code="b">BENT</subfield>
    <subfield code="p">39015071659523</subfield>
    <subfield code="z">1985 general development plan for Scio Township. Book one.  Preliminary. 1966.</subfield>
  </datafield>
  <datafield tag="955" ind1=" " ind2=" ">
    <subfield code="b">BENT</subfield>
    <subfield code="p">39015071659531</subfield>
    <subfield code="z">Directory: official planning commissions and zoning boards of Washtenaw County, 1966.</subfield>
  </datafield>
  <datafield tag="955" ind1=" " ind2=" ">
    <subfield code="b">BENT</subfield>
    <subfield code="p">39015071659549</subfield>
    <subfield code="z">Circulation in Ann Arbor Township, 1967.</subfield>
  </datafield>
  <datafield tag="955" ind1=" " ind2=" ">
    <subfield code="b">BENT</subfield>
    <subfield code="p">39015071659556</subfield>
    <subfield code="z">County parking study, 1967.</subfield>
  </datafield>
  <datafield tag="955" ind1=" " ind2=" ">
    <subfield code="b">BENT</subfield>
    <subfield code="p">39015071659564</subfield>
    <subfield code="z">Existing land use analysis for Ann Arbor Township, 1967.</subfield>
  </datafield>
  <datafield tag="955" ind1=" " ind2=" ">
    <subfield code="b">BENT</subfield>
    <subfield code="p">39015071659572</subfield>
    <subfield code="z">The first twenty years, 1947-1967, 1967.</subfield>
  </datafield>
  <datafield tag="955" ind1=" " ind2=" ">
    <subfield code="b">BENT</subfield>
    <subfield code="p">39015071659580</subfield>
    <subfield code="z">Goals and objectives for Ann Arbor Township, 1967.</subfield>
  </datafield>
  <datafield tag="955" ind1=" " ind2=" ">
    <subfield code="b">BENT</subfield>
    <subfield code="p">39015071659598</subfield>
    <subfield code="z">1990 potential demand for space within the Ann Arbor Township planning area, 1967.</subfield>
  </datafield>
  <datafield tag="955" ind1=" " ind2=" ">
    <subfield code="b">BENT</subfield>
    <subfield code="p">39015071659606</subfield>
    <subfield code="z">Preliminary 1985 general land use development plan for Pittsfield Township Washtenaw County, Michigan, 1967.</subfield>
  </datafield>
  <datafield tag="955" ind1=" " ind2=" ">
    <subfield code="b">BENT</subfield>
    <subfield code="p">39015071659614</subfield>
    <subfield code="z">Preliminary 1985 general land use development plan for Pittsfield Township Washtenaw County, Michigan, 1967.</subfield>
  </datafield>
  <datafield tag="955" ind1=" " ind2=" ">
    <subfield code="b">BENT</subfield>
    <subfield code="p">39015071659622</subfield>
    <subfield code="z">1985 general land use development plan for Pittsfield Township, Washtenaw County, Michigan, 1968.</subfield>
  </datafield>
  <datafield tag="955" ind1=" " ind2=" ">
    <subfield code="b">BENT</subfield>
    <subfield code="p">39015071659630</subfield>
    <subfield code="z">Annotated bibliography of reports and studies of the Washtenaw County Metropolitan Planning Commission, 1947-1968, 1968.</subfield>
  </datafield>
  <datafield tag="955" ind1=" " ind2=" ">
    <subfield code="b">BENT</subfield>
    <subfield code="p">39015071659648</subfield>
    <subfield code="z">Capital improvement program for Washtenaw County Part I: County facilities survey, 1968.</subfield>
  </datafield>
  <datafield tag="955" ind1=" " ind2=" ">
    <subfield code="b">BENT</subfield>
    <subfield code="p">39015071659655</subfield>
    <subfield code="z">Capital improvement program for Washtenaw County Part II: Population forecast, 1968.</subfield>
  </datafield>
  <datafield tag="955" ind1=" " ind2=" ">
    <subfield code="b">BENT</subfield>
    <subfield code="p">39015071659663</subfield>
    <subfield code="z">County role in public works--background information, 1968.</subfield>
  </datafield>
  <datafield tag="955" ind1=" " ind2=" ">
    <subfield code="b">BENT</subfield>
    <subfield code="p">39015071659671</subfield>
    <subfield code="z">Sheriff's Department study Part I: Summary of findings, 1968.</subfield>
  </datafield>
  <datafield tag="955" ind1=" " ind2=" ">
    <subfield code="b">BENT</subfield>
    <subfield code="p">39015071659689</subfield>
    <subfield code="z">Sheriff's Department study Part II: Background data, 1968.</subfield>
  </datafield>
  <datafield tag="955" ind1=" " ind2=" ">
    <subfield code="b">BENT</subfield>
    <subfield code="p">39015071659697</subfield>
    <subfield code="z">Medical care study. Second progress report. 1968</subfield>
  </datafield>
  <datafield tag="955" ind1=" " ind2=" ">
    <subfield code="b">BENT</subfield>
    <subfield code="p">39015071659705</subfield>
    <subfield code="z">Washtenaw County data book. [1968]</subfield>
  </datafield>
  <datafield tag="955" ind1=" " ind2=" ">
    <subfield code="b">BENT</subfield>
    <subfield code="p">39015071659713</subfield>
    <subfield code="z">Capital improvement program for Washtenaw County Part IV: Needs, considerations and options (preliminary and final copies), 1969.</subfield>
  </datafield>
  <datafield tag="955" ind1=" " ind2=" ">
    <subfield code="b">BENT</subfield>
    <subfield code="p">39015071659721</subfield>
    <subfield code="z">Capital improvement program for Washtenaw County Part III: Personnel and fiscal analysis, 1969.</subfield>
  </datafield>
  <datafield tag="955" ind1=" " ind2=" ">
    <subfield code="b">BENT</subfield>
    <subfield code="p">39015071659739</subfield>
    <subfield code="z">Capital improvement program for Washtenaw County Part IV: Needs, considerations and options: preliminary copy, 1969.</subfield>
  </datafield>
  <datafield tag="955" ind1=" " ind2=" ">
    <subfield code="b">BENT</subfield>
    <subfield code="p">39015071659747</subfield>
    <subfield code="z">Capital improvement program for Washtenaw County Part V: Recommendations: preliminary working draft, 1969.</subfield>
  </datafield>
  <datafield tag="955" ind1=" " ind2=" ">
    <subfield code="b">BENT</subfield>
    <subfield code="p">39015071659754</subfield>
    <subfield code="z">A policy approach to the development of a comprehensive park and open space system for Washtenaw County, Michigan, 1969.</subfield>
  </datafield>
  <datafield tag="955" ind1=" " ind2=" ">
    <subfield code="b">BENT</subfield>
    <subfield code="p">39015071659762</subfield>
    <subfield code="z">Directory: planning orientated officials from townships, villages, cities, county, and regional agencies of Washtenaw County, 1969.</subfield>
  </datafield>
  <datafield tag="955" ind1=" " ind2=" ">
    <subfield code="b">BENT</subfield>
    <subfield code="p">39015071659770</subfield>
    <subfield code="z">Ann Arbor Township, Michigan recommended general land development plan, 1969.</subfield>
  </datafield>
  <datafield tag="955" ind1=" " ind2=" ">
    <subfield code="b">BENT</subfield>
    <subfield code="p">39015071659788</subfield>
    <subfield code="z">Background information on the 1970 census, 1969.</subfield>
  </datafield>
  <datafield tag="955" ind1=" " ind2=" ">
    <subfield code="b">BENT</subfield>
    <subfield code="p">39015071659796</subfield>
    <subfield code="z">Washtenaw County data book. Rev. ed., 1969.</subfield>
  </datafield>
  <datafield tag="955" ind1=" " ind2=" ">
    <subfield code="b">BENT</subfield>
    <subfield code="p">39015071659804</subfield>
    <subfield code="z">Annotated bibliography of reports and studies of the Washtenaw County Metropolitan Planning Commission, 1947-1969, 1970.</subfield>
  </datafield>
  <datafield tag="955" ind1=" " ind2=" ">
    <subfield code="b">BENT</subfield>
    <subfield code="p">39015071659812</subfield>
    <subfield code="z">An inventory of recreational lands and facilities in Washtenaw County, Michigan, 1970.</subfield>
  </datafield>
  <datafield tag="955" ind1=" " ind2=" ">
    <subfield code="b">BENT</subfield>
    <subfield code="p">39015071659820</subfield>
    <subfield code="z">Land use code, 1970.</subfield>
  </datafield>
  <datafield tag="955" ind1=" " ind2=" ">
    <subfield code="b">BENT</subfield>
    <subfield code="p">39015071659838</subfield>
    <subfield code="z">Model subdivision regulation ordinance, 1970.</subfield>
  </datafield>
  <datafield tag="955" ind1=" " ind2=" ">
    <subfield code="b">BENT</subfield>
    <subfield code="p">39015071659846</subfield>
    <subfield code="z">Washtenaw County planning directory, 1970.</subfield>
  </datafield>
  <datafield tag="955" ind1=" " ind2=" ">
    <subfield code="b">BENT</subfield>
    <subfield code="p">39015071659853</subfield>
    <subfield code="z">Superior Township general development plan, 1971.</subfield>
  </datafield>
  <datafield tag="955" ind1=" " ind2=" ">
    <subfield code="b">BENT</subfield>
    <subfield code="p">39015071659861</subfield>
    <subfield code="z">Washtenaw County planning directory, 1971.</subfield>
  </datafield>
  <datafield tag="955" ind1=" " ind2=" ">
    <subfield code="b">BENT</subfield>
    <subfield code="p">39015071659879</subfield>
    <subfield code="z">Capital improvements program, 1972.</subfield>
  </datafield>
  <datafield tag="955" ind1=" " ind2=" ">
    <subfield code="b">BENT</subfield>
    <subfield code="p">39015071659887</subfield>
    <subfield code="z">Capital improvements program: summary, 1972.</subfield>
  </datafield>
  <datafield tag="955" ind1=" " ind2=" ">
    <subfield code="b">BENT</subfield>
    <subfield code="p">39015071659895</subfield>
    <subfield code="z">Economic activities of Washtenaw County, 1973.</subfield>
  </datafield>
  <datafield tag="955" ind1=" " ind2=" ">
    <subfield code="b">BENT</subfield>
    <subfield code="p">39015071659911</subfield>
    <subfield code="z">Population of Washtenaw County, 1970, 1980 &amp; 1990, 1973.</subfield>
  </datafield>
  <datafield tag="955" ind1=" " ind2=" ">
    <subfield code="b">BENT</subfield>
    <subfield code="p">39015071659929</subfield>
    <subfield code="z">Initial housing element, 1973.</subfield>
  </datafield>
  <datafield tag="955" ind1=" " ind2=" ">
    <subfield code="b">BENT</subfield>
    <subfield code="p">39015071659937</subfield>
    <subfield code="z">Inventory of housing services, 1974.</subfield>
  </datafield>
  <datafield tag="955" ind1=" " ind2=" ">
    <subfield code="b">BENT</subfield>
    <subfield code="p">39015071659945</subfield>
    <subfield code="z">Planning perspectives on water resources: Washtenaw County, Michigan, 1974.</subfield>
  </datafield>
  <datafield tag="955" ind1=" " ind2=" ">
    <subfield code="b">BENT</subfield>
    <subfield code="p">39015071659952</subfield>
    <subfield code="z">Washtenaw County recreation and open space plan, 1974.</subfield>
  </datafield>
  <datafield tag="955" ind1=" " ind2=" ">
    <subfield code="b">BENT</subfield>
    <subfield code="p">39015071659960</subfield>
    <subfield code="z">Land use policies for Washtenaw County: preliminary, 1976.</subfield>
  </datafield>
  <datafield tag="955" ind1=" " ind2=" ">
    <subfield code="b">BENT</subfield>
    <subfield code="p">39015071659978</subfield>
    <subfield code="z">Land use policies for Washtenaw County: preliminary, 1978.</subfield>
  </datafield>
  <datafield tag="955" ind1=" " ind2=" ">
    <subfield code="b">BENT</subfield>
    <subfield code="p">39015071659986</subfield>
    <subfield code="z">Schematic design study, Old Post Office, Ann Arbor, Michigan, 1978.</subfield>
  </datafield>
  <datafield tag="955" ind1=" " ind2=" ">
    <subfield code="b">BENT</subfield>
    <subfield code="p">39015071659994</subfield>
    <subfield code="z">Agriculture in Washtenaw County: conditions, policies, and approaches to preservation, 1979.</subfield>
  </datafield>
  <datafield tag="955" ind1=" " ind2=" ">
    <subfield code="b">BENT</subfield>
    <subfield code="p">39015071660000</subfield>
    <subfield code="z">Washtenaw County household and population forecasts, 1970-2000: based upon the Washtenaw County Land Use Policies Plan, 1979.</subfield>
  </datafield>
  <datafield tag="955" ind1=" " ind2=" ">
    <subfield code="b">BENT</subfield>
    <subfield code="p">39015071660018</subfield>
    <subfield code="z">Report prepared for Central Area Action Program and Washtenaw County Metropolitan Planning Commission Chelsea Village, 1980.</subfield>
  </datafield>
  <datafield tag="955" ind1=" " ind2=" ">
    <subfield code="b">BENT</subfield>
    <subfield code="p">39015071660026</subfield>
    <subfield code="z">Report prepared for Central Area Action Program and Washtenaw County Metropolitan Planning Commission Dexter Village, 1980.</subfield>
  </datafield>
  <datafield tag="955" ind1=" " ind2=" ">
    <subfield code="b">BENT</subfield>
    <subfield code="p">39015071660034</subfield>
    <subfield code="z">Report prepared for Central Area Action Program and Washtenaw County Metropolitan Planning Commission Saline City, 1980.</subfield>
  </datafield>
  <datafield tag="955" ind1=" " ind2=" ">
    <subfield code="b">BENT</subfield>
    <subfield code="p">39015071660042</subfield>
    <subfield code="z">Report prepared for Central Area Action Program and Washtenaw County Metropolitan Planning Commission Milan City, 1980.</subfield>
  </datafield>
  <datafield tag="955" ind1=" " ind2=" ">
    <subfield code="b">BENT</subfield>
    <subfield code="p">39015071660059</subfield>
    <subfield code="z">Report prepared for Central Area Action Program and Washtenaw County Metropolitan Planning Commission Whitmore Lake, 1980.</subfield>
  </datafield>
</record>
